@online{cachespecs,
    title = "Intel Xeon E5-2695 v2 specifications",
    url  = "http://www.cpu-world.com/CPUs/Xeon/Intel-Xeon\%20E5-2695\%20v2.html",
}

@article{roofline,
    author = "Samuel Williams, Andrew Waterman, and David Patterson",
    title = "Roofline: AnInsightfulVisual Performance Modelfor Floating-Point Programsand Multicore Architectures",
    year = "2008",
}